@article{hafezi2015bat,
  title={A bat-neural network multi-agent system (BNNMAS) for stock price prediction: Case study of DAX stock price},
  author={Hafezi, Reza and Shahrabi, Jamal and Hadavandi, Esmaeil},
  journal={Applied Soft Computing},
  volume={29},
  pages={196--210},
  year={2015},
  publisher={Elsevier}
}

@article{lee2007multiagent,
  title={A multiagent approach to Q-learning for daily stock trading},
  author={Lee, Jae Won and Park, Jonghun and Jangmin, O and Lee, Jongwoo and Hong, Euyseok},
  journal={IEEE Transactions on Systems, Man, and Cybernetics-Part A: Systems and Humans},
  volume={37},
  number={6},
  pages={864--877},
  year={2007},
  publisher={IEEE}
}

@inproceedings{gao2000algorithm,
  title={An algorithm for trading and portfolio management using Q-learning and sharpe ratio maximization},
  author={Gao, Xiu and Chan, Laiwan},
  booktitle={Proceedings of the international conference on neural information processing},
  pages={832--837},
  year={2000},
  organization={Citeseer}
}

@article{chenoweth1996embedding,
  title={Embedding technical analysis into neural network based trading systems},
  author={Chenoweth, Tim and Obradovic, Zoran and Lee, Sauchi Stephen},
  journal={Applied Artificial Intelligence},
  volume={10},
  number={6},
  pages={523--542},
  year={1996},
  publisher={Taylor \& Francis}
}

@article{rahimi2009multi,
  title={A multi-agent framework for stock trading},
  author={Rahimi, Shahram and Tatikunta, Raju and Ahmad, Raheel and Gupta, Bidyut},
  journal={International Journal of Intelligent Information and Database Systems},
  volume={3},
  number={2},
  pages={203--227},
  year={2009},
  publisher={Inderscience Publishers}
}

@article{nemes2013data,
  title={Data mining on romanian stock market using neural networks for price prediction},
  author={Nemes, Magdalena Daniela and Butoi, Alexandru},
  journal={Informatica Economica},
  volume={17},
  number={3},
  pages={125},
  year={2013},
  publisher={INFOREC Association}
}

@article{dempster2006automated,
  title={An automated FX trading system using adaptive reinforcement learning},
  author={Dempster, Michael AH and Leemans, Vasco},
  journal={Expert Systems with Applications},
  volume={30},
  number={3},
  pages={543--552},
  year={2006},
  publisher={Elsevier}
}

@article{moody2001learning,
  title={Learning to trade via direct reinforcement},
  author={Moody, John and Saffell, Matthew},
  journal={IEEE transactions on neural Networks},
  volume={12},
  number={4},
  pages={875--889},
  year={2001},
  publisher={IEEE}
}

@article{luo2002multi,
  title={A multi-agent decision support system for stock trading},
  author={Luo, Yuan and Liu, Kecheng and Davis, Darryl N},
  journal={IEEE network},
  volume={16},
  number={1},
  pages={20--27},
  year={2002},
  publisher={IEEE}
}

@inproceedings{jabbur2014design,
  title={Design and evaluation of automatic agents for stock market intraday trading},
  author={Jabbur, Eduardo and Silva, Everton and Castilho, Douglas and Pereira, Adriano and Brand{\~a}o, Humberto},
  booktitle={Proceedings of the 2014 IEEE/WIC/ACM International Joint Conferences on Web Intelligence (WI) and Intelligent Agent Technologies (IAT)-Volume 03},
  pages={396--403},
  year={2014},
  organization={IEEE Computer Society}
}

@book{wooldridge2009introduction,
  title={An introduction to multiagent systems},
  author={Wooldridge, Michael},
  year={2009},
  publisher={John Wiley \& Sons}
}

@article{scikit-learn,
 title={Scikit-learn: Machine Learning in {P}ython},
 author={Pedregosa, Fabian and others},
 journal={Journal of Machine Learning Research},
 volume={12},
 pages={2825--2830},
 year={2011}
}

@InProceedings{ mckinney2010data,
  author    = { McKinney, Wes },
  title     = { Data Structures for Statistical Computing in Python },
  booktitle = { Proceedings of the 9th Python in Science Conference },
  pages     = { 51 - 56 },
  year      = { 2010 },
  editor    = { St\'efan van der Walt and Jarrod Millman }
}

@Article{hunter2007matplotlib,
  Author    = {Hunter, J. D.},
  Title     = {Matplotlib: A 2D graphics environment},
  Journal   = {Computing In Science \& Engineering},
  Volume    = {9},
  Number    = {3},
  Pages     = {90--95},
  abstract  = {Matplotlib is a 2D graphics package used for Python
  for application development, interactive scripting, and
  publication-quality image generation across user
  interfaces and operating systems.},
  publisher = {IEEE COMPUTER SOC},
  doi = {10.1109/MCSE.2007.55},
  year      = 2007
}

@misc{michael_waskom_2014_12710,
  author       = {Michael Waskom and
                  Olga Botvinnik and
                  Paul Hobson and
                  others},
  title        = {seaborn: v0.5.0 (November 2014)},
  doi          = {10.5281/zenodo.12710},
  url          = {doi.org/10.5281/zenodo.12710}
}

@inproceedings{gregori2006jabber,
  title={A jabber-based multi-agent system platform},
  author={Gregori, Miguel Escriv{\'a} and C{\'a}mara, Javier Palanca and Bada, Gustavo Aranda},
  booktitle={Proceedings of the fifth international joint conference on Autonomous agents and multiagent systems},
  pages={1282--1284},
  year={2006},
  organization={ACM}
}

@article{perez2007ipython,
  title={IPython: a system for interactive scientific computing},
  author={P{\'e}rez, Fernando and Granger, Brian E},
  journal={Computing in Science \& Engineering},
  volume={9},
  number={3},
  pages={21--29},
  year={2007},
  publisher={AIP Publishing}
}

@Article{de2013automated,
author="de Castro, Paulo Andr{\'e} Lima
and Sichman, Jaime Sim{\~a}o",
title="Automated asset management based on partially cooperative agents for a world of risks",
journal="Applied Intelligence",
year="2013",
volume="38",
number="2",
pages="210--225",
issn="1573-7497",
doi="10.1007/s10489-012-0366-8",
url="http://dx.doi.org/10.1007/s10489-012-0366-8"
}

@article{sharpe1964capital,
  title={Capital asset prices: A theory of market equilibrium under conditions of risk},
  author={Sharpe, William F},
  journal={The journal of finance},
  volume={19},
  number={3},
  pages={425--442},
  year={1964},
  publisher={Wiley Online Library}
}

@incollection{Sherstov2005,
author="Sherstov, Alexander A.
and Stone, Peter",
editor="Faratin, Peyman
and Rodr{\'i}guez-Aguilar, Juan A.",
title="Three Automated Stock-Trading Agents: A Comparative Study",
bookTitle="Agent-Mediated Electronic Commerce VI. Theories for and Engineering of Distributed Mechanisms and Systems: AAMAS 2004 Workshop, AMEC 2004, New York, NY, USA, July 19, 2004, Revised Selected Papers",
year="2005",
publisher="Springer",
address="Berlin, Heidelberg",
pages="173--187",
isbn="978-3-540-33166-7",
doi="10.1007/11575726_13",
url="http://dx.doi.org/10.1007/11575726_13"
}

@inproceedings{Bloembergen2015,
 author = {Bloembergen, Daan and Hennes, Daniel and Parsons, Simon and Tuyls, Karl},
 title = {Survival of the Chartist: An Evolutionary Agent-Based Analysis of Stock Market Trading},
 booktitle = {Proceedings of the 2015 International Conference on Autonomous Agents and Multiagent Systems},
 series = {AAMAS '15},
 year = {2015},
 isbn = {978-1-4503-3413-6},
 location = {Istanbul, Turkey},
 pages = {1699--1700},
 numpages = {2},
 url = {http://dl.acm.org/citation.cfm?id=2772879.2773392},
 acmid = {2773392},
 publisher = {International Foundation for Autonomous Agents and Multiagent Systems},
 address = {Richland, SC},
 keywords = {agent-based simulation, automated trading, evolutionary dynamics, learning and adaptation},
}

@ARTICLE{PXS, 
author={M. Kearns and L. Ortiz}, 
journal={IEEE Intelligent Systems}, 
title={The Penn-Lehman automated trading project}, 
year={2003}, 
volume={18}, 
number={6}, 
pages={22-31}, 
keywords={digital simulation;electronic trading;share prices;stock markets;Penn exchange simulator;Penn-Lehman automated trading project;financial market;real-time client order data;share price;software simulator;stock trading;Algorithm design and analysis;Artificial intelligence;Automatic testing;Computational modeling;Computer science;Consumer electronics;Microstructure;Safety;Stock markets;Veins}, 
doi={10.1109/MIS.2003.1249166}, 
ISSN={1541-1672}, 
month={Nov},}